@misc{Haskell2010,
  title =	 {Haskell 2010 Language Report},
  author =	 {Marlow, Simon and others},
  year =	 2010,
  url =		 {https://haskell.org/definition/haskell2010.pdf}
}

@article{Plotkin1977,
  title =	 {{LCF} considered as a programming language},
  author =	 {Plotkin, G.D.},
  journal =	 {Theoretical Computer Science},
  year =	 1977,
  number =	 3,
  volume =	 5,
  pages =	 {223-255},
  doi =		 {10.1016/0304-3975(77)90044-5}
}

@misc{Plotkin1983,
  title =	 {Domains},
  author =	 {Gordon Plotkin},
  year =	 1983,
  note =	 {Course notes known as the \emph{Pisa notes}},
  addendum =	 {\textsc{url}:
                  \href{https://homepages.inf.ed.ac.uk/gdp/publications/Domains_a4.ps}{\texttt{https://homepages.inf.ed.ac.uk/gdp/publications/Domains\_\break
                  a4.ps}}}
}
